<record><leader>00000cas a2200000 i 4500</leader><controlfield tag="001">924732726</controlfield><controlfield tag="008">151015c20159999paumr ne      0   b0eng c</controlfield><datafield ind1=" " ind2=" " tag="010"><subfield code="a">  2015264038</subfield></datafield><datafield ind1=" " ind2=" " tag="040"><subfield code="a">PHA</subfield><subfield code="b">eng</subfield><subfield code="e">rda</subfield><subfield code="c">PHA</subfield><subfield code="d">PHA</subfield><subfield code="d">UPM</subfield><subfield code="d">PHA</subfield><subfield code="d">UPM</subfield></datafield><datafield ind1=" " ind2=" " tag="037"><subfield code="b">Italian Sons and Daughters of America, 419 Wood Street, Pittsburgh, Pa. 15222; www.orderisda.org; 844-937-4732</subfield></datafield><datafield ind1=" " ind2=" " tag="042"><subfield code="a">pcc</subfield></datafield><datafield ind1=" " ind2=" " tag="043"><subfield code="a">n-us---</subfield><subfield code="a">n-us-pa</subfield></datafield><datafield ind1="0" ind2=" " tag="130"><subfield code="a">Nostra voce (Pittsburgh, Pa.)</subfield></datafield><datafield ind1="1" ind2="3" tag="245"><subfield code="a">La nostra voce.</subfield></datafield><datafield ind1=" " ind2="1" tag="264"><subfield code="a">Pittsburgh, Pa. :</subfield><subfield code="b">Italian Sons and Daughters of America,</subfield><subfield code="c">2015-</subfield></datafield><datafield ind1=" " ind2=" " tag="300"><subfield code="a">volumes :</subfield><subfield code="b">illustrations ;</subfield><subfield code="c">34 cm</subfield></datafield><datafield ind1=" " ind2=" " tag="310"><subfield code="a">Monthly</subfield></datafield><datafield ind1=" " ind2=" " tag="336"><subfield code="a">text</subfield><subfield code="b">txt</subfield><subfield code="2">rdacontent</subfield></datafield><datafield ind1=" " ind2=" " tag="337"><subfield code="a">unmediated</subfield><subfield code="b">n</subfield><subfield code="2">rdamedia</subfield></datafield><datafield ind1=" " ind2=" " tag="338"><subfield code="a">volume</subfield><subfield code="b">nc</subfield><subfield code="2">rdacarrier</subfield></datafield><datafield ind1="1" ind2=" " tag="362"><subfield code="a">Began in September 2015.</subfield></datafield><datafield ind1=" " ind2=" " tag="500"><subfield code="a">"We are Italian American" --masthead.</subfield></datafield><datafield ind1=" " ind2=" " tag="550"><subfield code="a">Official publication of the order: Italian Sons and Daughters of America.</subfield></datafield><datafield ind1=" " ind2=" " tag="588"><subfield code="a">Description based on: October 2015; title from masthead.</subfield></datafield><datafield ind1=" " ind2=" " tag="588"><subfield code="a">Latest issue consulted: October 2015.</subfield></datafield><datafield ind1=" " ind2="0" tag="650"><subfield code="a">Italians</subfield><subfield code="z">United States</subfield><subfield code="v">Newspapers.</subfield></datafield><datafield ind1=" " ind2="0" tag="650"><subfield code="a">Italian Americans</subfield><subfield code="z">Pennsylvania</subfield><subfield code="z">Pittsburgh</subfield><subfield code="v">Newspapers.</subfield></datafield><datafield ind1=" " ind2="7" tag="650"><subfield code="a">Italian Americans.</subfield><subfield code="2">fast</subfield><subfield code="0">(OCoLC)fst00980419</subfield></datafield><datafield ind1=" " ind2="7" tag="650"><subfield code="a">Italians.</subfield><subfield code="2">fast</subfield><subfield code="0">(OCoLC)fst00980750</subfield></datafield><datafield ind1=" " ind2="7" tag="651"><subfield code="a">Pennsylvania</subfield><subfield code="z">Pittsburgh.</subfield><subfield code="2">fast</subfield><subfield code="0">(OCoLC)fst01205171</subfield></datafield><datafield ind1=" " ind2="7" tag="651"><subfield code="a">United States.</subfield><subfield code="2">fast</subfield><subfield code="0">(OCoLC)fst01204155</subfield></datafield><datafield ind1=" " ind2="7" tag="655"><subfield code="a">Newspapers.</subfield><subfield code="2">fast</subfield><subfield code="0">(OCoLC)fst01423814</subfield></datafield><datafield ind1="2" ind2=" " tag="710"><subfield code="a">Order Italian Sons and Daughters of America.</subfield></datafield><datafield ind1=" " ind2=" " tag="752"><subfield code="a">United States</subfield><subfield code="b">Pennsylvania</subfield><subfield code="c">Allegheny</subfield><subfield code="d">Pittsburgh.</subfield></datafield><datafield ind1="0" ind2="0" tag="780"><subfield code="t">Unione (Pittsburgh, Pa.)</subfield><subfield code="x">0745-1938</subfield><subfield code="w">(DLC)sn 82007864</subfield><subfield code="w">(OCoLC)2268872</subfield></datafield></record>